% 参考文献を入れる場所
